@book{excersises,
	author = {given-i=MA, given=Martin, family=Andersson and given-i=JW, given=Johan, family=Wernehag and given-i=RS, given=Roland, family=Strandberg and given-i=FT, given=Fredrik, family=Tillman and given-i=BL, given=Bertil, family=Larsson and given-i=MT, given=Markus, family=Törmänen},
	date = {2022-12},
	publisher = {Institutionen för  Elektro- och informationsteknik, LTH},
	title = {Analog Circuits, ESSF01},
}
@book{kompendium,
	author = {given-i=MT, given=Markus, family=Törmänen},
	date = {2022-12},
	publisher = {Institutionen för  Elektro- och informationsteknik, LTH},
	title = {Analog Circuits, ESSF01},
}

@book{excersises,
	author = {given-i=MA, given=Martin, family=Andersson and given-i=JW, given=Johan, family=Wernehag and given-i=RS, given=Roland, family=Strandberg and given-i=FT, given=Fredrik, family=Tillman and given-i=BL, given=Bertil, family=Larsson and given-i=MT, given=Markus, family=Törmänen},
	date = {2022-12},
	publisher = {Institutionen för  Elektro- och informationsteknik, LTH},
	title = {Analog Circuits, ESSF01},
}

@book{F11,
	author = {given-i=MT, given=Markus, family=Törmänen},
	date = {2024},
	publisher = {Institutionen för  Elektro- och informationsteknik, LTH},
	title = {Föreläsning 11, ESSF01},
}